<record><leader>00000cas a2200000 a 4500</leader><controlfield tag="001">27847363</controlfield><controlfield tag="008">930402d19891993caudr ne      0    0eng c</controlfield><datafield ind1=" " ind2=" " tag="010"><subfield code="a">sn 93051976 </subfield></datafield><datafield ind1=" " ind2=" " tag="040"><subfield code="a">CUY</subfield><subfield code="b">eng</subfield><subfield code="c">CNK</subfield><subfield code="d">OCLCQ</subfield><subfield code="d">CNK</subfield><subfield code="d">OCLCQ</subfield><subfield code="d">OCLCF</subfield><subfield code="d">OCLCO</subfield></datafield><datafield ind1=" " ind2=" " tag="042"><subfield code="a">pcc</subfield></datafield><datafield ind1=" " ind2=" " tag="043"><subfield code="a">n-us-ca</subfield></datafield><datafield ind1="0" ind2=" " tag="130"><subfield code="a">Peninsula times tribune (Palo Alto, Calif. : 1989)</subfield></datafield><datafield ind1="1" ind2="4" tag="245"><subfield code="a">The Peninsula times tribune.</subfield></datafield><datafield ind1=" " ind2=" " tag="260"><subfield code="a">Palo Alto, Calif. :</subfield><subfield code="b">Peter E. Heraty</subfield></datafield><datafield ind1=" " ind2=" " tag="300"><subfield code="a">v.</subfield></datafield><datafield ind1=" " ind2=" " tag="310"><subfield code="a">Daily</subfield></datafield><datafield ind1="0" ind2=" " tag="362"><subfield code="a">96th year (July 16, 1989)-101st year, no. 67 (Mar. 12, 1993).</subfield></datafield><datafield ind1=" " ind2=" " tag="530"><subfield code="a">Master negatives are available for duplication from:</subfield><subfield code="b">California Newspaper Microfilm Archive;</subfield><subfield code="c">positive copies may be purchased by the reel; for further information consult the CNMA at:</subfield><subfield code="u">http://cbsr.ucr.edu</subfield></datafield><datafield ind1=" " ind2="0" tag="651"><subfield code="a">Palo Alto (Calif.)</subfield><subfield code="v">Newspapers.</subfield></datafield><datafield ind1=" " ind2="7" tag="655"><subfield code="a">Newspapers.</subfield><subfield code="2">fast</subfield><subfield code="0">(OCoLC)fst01423814</subfield></datafield><datafield ind1=" " ind2="7" tag="651"><subfield code="a">California</subfield><subfield code="z">Palo Alto.</subfield><subfield code="2">fast</subfield><subfield code="0">(OCoLC)fst01212098</subfield></datafield><datafield ind1=" " ind2=" " tag="752"><subfield code="a">United States</subfield><subfield code="b">California</subfield><subfield code="c">Santa Clara</subfield><subfield code="d">Palo Alto.</subfield></datafield><datafield ind1="0" ind2="0" tag="780"><subfield code="t">Times tribune (Palo Alto, Calif.)</subfield><subfield code="w">(DLC)sn 93051975</subfield></datafield></record>